<?xml version="1.0" encoding="utf-8"?>
<record xmlns="http://www.loc.gov/MARC21/slim" xmlns:xsi="http://www.w3.org/2001/XMLSchema-instance" xsi:schemaLocation="http://www.loc.gov/MARC21/slim http://www.loc.gov/standards/marcxml/schema/MARC21slim.xsd">
	<leader>     nam a22     Mi 4500</leader>
	<controlfield tag="001">2682308</controlfield>
	<controlfield tag="003">NNC</controlfield>
	<controlfield tag="006">m        d        </controlfield>
	<controlfield tag="007">cr cn |||m|||a</controlfield>
	<controlfield tag="008">190517s1954    ir      oi    000 0dara d</controlfield>
	<datafield ind1=" " ind2=" " tag="040">
		<subfield code="a">ZYU</subfield>
		<subfield code="b">ara</subfield>
		<subfield code="e">rda</subfield>
		<subfield code="c">ZYU</subfield>
	</datafield>
	<datafield ind1="0" ind2=" " tag="041">
		<subfield code="a">ara</subfield>
		<subfield code="a">per</subfield>
	</datafield>
	<datafield ind1=" " ind2=" " tag="043">
		<subfield code="a">a-ir---</subfield>
	</datafield>
	<datafield ind1="0" ind2="0" tag="050">
		<subfield code="a">BP63.I682</subfield>
		<subfield code="b">Q3972 1954</subfield>
	</datafield>
	<datafield ind1=" " ind2="4" tag="050">
		<subfield code="a">DS325.K3</subfield>
		<subfield code="b">M8 1954</subfield>
	</datafield>
	<datafield ind1="1" ind2=" " tag="100">
		<subfield code="6">880-01</subfield>
		<subfield code="a">Muḥaddis̲, Jalāl al-Dīn Ḥusaynī.</subfield>
	</datafield>
	<datafield ind1="1" ind2="0" tag="245">
		<subfield code="6">880-02</subfield>
		<subfield code="a">Fihrist asmāʼ al-rijāl al-madhkūrah aḥwāluhum fī Kitāb al-tadwīn li-Ābī al-Qāsim ʻAbd al-Karīm al-Rāfiʻī al-Qazvīnī /</subfield>
		<subfield code="c">ʻuniya bi-istikhrāj al-Fihrist wa-ṭabʻih wa-nashrih wa-taqdīm muqaddimah ʻalayh Mīr Jalāl al-Dīn al-Ḥusaynī al-Urmawī al-mushtahir bi-al-Muḥaddith.</subfield>
	</datafield>
	<datafield ind1=" " ind2=" " tag="260">
		<subfield code="6">880-03</subfield>
		<subfield code="a">[Ṭihrān] :</subfield>
		<subfield code="b">Chāp-i Rangīn,</subfield>
		<subfield code="c">1333 [1954 or 1955]</subfield>
	</datafield>
	<datafield ind1=" " ind2=" " tag="300">
		<subfield code="a">online resource (16,103 pages)</subfield>
	</datafield>
	<datafield ind1=" " ind2=" " tag="336">
		<subfield code="a">text</subfield>
		<subfield code="2">rdacontent</subfield>
	</datafield>
	<datafield ind1=" " ind2=" " tag="337">
		<subfield code="a">computer</subfield>
		<subfield code="2">rdamedia</subfield>
	</datafield>
	<datafield ind1=" " ind2=" " tag="338">
		<subfield code="a">online resource</subfield>
		<subfield code="2">rdacarrier</subfield>
	</datafield>
	<datafield ind1=" " ind2=" " tag="500">
		<subfield code="a">Part of the Arabic Collections Online (ACO) project, contributed by Columbia University Libraries.</subfield>
	</datafield>
	<datafield ind1=" " ind2=" " tag="533">
		<subfield code="a">Electronic reproduction.</subfield>
		<subfield code="b">New York, N.Y. :</subfield>
		<subfield code="c">New York University,</subfield>
		<subfield code="d">2019.</subfield>
		<subfield code="5">NNU</subfield>
	</datafield>
	<datafield ind1=" " ind2=" " tag="546">
		<subfield code="a">In Arabic and Persian.</subfield>
	</datafield>
	<datafield ind1=" " ind2=" " tag="500">
		<subfield code="a">The title of al-Rāfʻīʻs work is variously cited. Brockelmann cites it as Kitāb al-tadwīn fī dhikr ahl al-ʻilm bi qazwīn in his Supplementband I:393 and the Encyclopaedia of Islam, new ed., cites it as Kitāb al-tadwīn fī akhbār Kazwīn (v. 4 (1976), p. 859).</subfield>
	</datafield>
	<datafield ind1=" " ind2=" " tag="500">
		<subfield code="a">Index of proper names in al-Rafiʻī's.</subfield>
	</datafield>
	<datafield ind1="1" ind2="0" tag="600">
		<subfield code="6">880-04</subfield>
		<subfield code="a">Rāfiʻī, ʻAbd al-Karīm ibn Muḥammad,</subfield>
		<subfield code="d">1162-1226.</subfield>
		<subfield code="t">Tadwīn fī akhbār Qazwīn</subfield>
		<subfield code="v">Indexes.</subfield>
	</datafield>
	<datafield ind1=" " ind2="0" tag="651">
		<subfield code="a">Qazvīn (Iran)</subfield>
		<subfield code="v">Biography.</subfield>
	</datafield>
	<datafield ind1=" " ind2="7" tag="651">
		<subfield code="a">Iran</subfield>
		<subfield code="z">Qazvīn.</subfield>
		<subfield code="2">fast</subfield>
		<subfield code="0">(OCoLC)fst01250763</subfield>
	</datafield>
	<datafield ind1=" " ind2="7" tag="655">
		<subfield code="a">Biography.</subfield>
		<subfield code="2">fast</subfield>
		<subfield code="0">(OCoLC)fst01423686</subfield>
	</datafield>
	<datafield ind1=" " ind2="7" tag="655">
		<subfield code="a">Indexes.</subfield>
		<subfield code="2">fast</subfield>
		<subfield code="0">(OCoLC)fst01423761</subfield>
	</datafield>
	<datafield ind1="2" ind2=" " tag="710">
		<subfield code="a">Columbia University.</subfield>
		<subfield code="b">Libraries.</subfield>
	</datafield>
	<datafield ind1="0" ind2=" " tag="730">
		<subfield code="a">Arabic Collections Online.</subfield>
	</datafield>
	<datafield ind1="0" ind2="8" tag="776">
		<subfield code="i">Online version:</subfield>
		<subfield code="a">Muḥaddis̲, Jalāl al-Dīn Ḥusaynī.</subfield>
		<subfield code="t">Fihrist asmāʼ al-rijāl al-madhkūrah aḥwāluhum fī Kitāb al-tadwīn li-Ābī al-Qāsim ʻAbd al-Karīm al-Rāfiʻī al-Qazvīnī.</subfield>
		<subfield code="d">[Ṭihrān] : Chāp-i Rangīn, 1333 [1954 or 1955]</subfield>
		<subfield code="w">(OCoLC)575401054</subfield>
	</datafield>
	<datafield ind1="0" ind2="8" tag="776">
		<subfield code="i">Print version:</subfield>
		<subfield code="a">Muḥaddis̲, Jalāl al-Dīn Ḥusaynī.</subfield>
		<subfield code="t">Fihrist asmāʼ al-rijāl al-madhkūrah aḥwāluhum fī Kitāb al-tadwīn li-Ābī al-Qāsim ʻAbd al-Karīm al-Rāfiʻī al-Qazvīnī</subfield>
		<subfield code="w">(NNC)2682308</subfield>
		<subfield code="w">(DLC)  2007550842</subfield>
		<subfield code="w">(OCoLC)123351895</subfield>
	</datafield>
	<datafield ind1="4" ind2="0" tag="856">
		<subfield code="u">http://hdl.handle.net/2333.1/jq2bvzr0</subfield>
	</datafield>
	<datafield ind1="1" ind2=" " tag="880">
		<subfield code="6">100-01</subfield>
		<subfield code="a">محدث، جلال الدين حسينى.</subfield>
	</datafield>
	<datafield ind1="1" ind2="0" tag="880">
		<subfield code="6">245-02</subfield>
		<subfield code="a">فهرست اسماء الرجال المذكورة أحوالهم فى كتاب التدوين لأبى القاسم عبد الكريم الرافعى القزوينى /</subfield>
		<subfield code="c">عنى با استخراج الفهرست وطبعه ونشره وتقديم مقدمة عليه مير جلال الدين الحسينى الارموى المشتهر بالمحدث.</subfield>
	</datafield>
	<datafield ind1=" " ind2=" " tag="880">
		<subfield code="6">260-03</subfield>
		<subfield code="a">[طهران]</subfield>
		<subfield code="b">چاپ رنگين،</subfield>
		<subfield code="c">1333 [1954 or 1955].</subfield>
	</datafield>
	<datafield ind1=" " ind2="1" tag="880">
		<subfield code="6">264-00</subfield>
		<subfield code="a">[طهران]</subfield>
		<subfield code="b">\U+fffd\اص+نننل رنص+نننلين،</subfield>
		<subfield code="c">1333 [1954 or 1955].</subfield>
	</datafield>
	<datafield ind1="1" ind2="4" tag="880">
		<subfield code="6">600-04</subfield>
		<subfield code="a">رافعى، عبد الكريم بن محمد.</subfield>
		<subfield code="t">تدوين فى أخبار قزوين.</subfield>
	</datafield>
	<datafield ind1=" " ind2=" " tag="959">
		<subfield code="a">NNU</subfield>
		<subfield code="b">WEB</subfield>
		<subfield code="c">GENI</subfield>
		<subfield code="t">0</subfield>
		<subfield code="m">Electronic access</subfield>
		<subfield code="s">01</subfield>
	</datafield>
	<datafield ind1=" " ind2=" " tag="999">
		<subfield code="i">NNC_2682308</subfield>
		<subfield code="o">(OCoLC)ocn123351895</subfield>
		<subfield code="s">columbia_aco003893</subfield>
		<subfield code="e">(ERROR-880)</subfield>
	</datafield>
</record>
